<record><leader>00000cas a22000007a 4500</leader><controlfield tag="001">12159388</controlfield><controlfield tag="008">850614d18561860wiuwr ne      0    0eng d</controlfield><datafield ind1=" " ind2=" " tag="010"><subfield code="a">sn 85040814 </subfield></datafield><datafield ind1=" " ind2=" " tag="040"><subfield code="a">NPV</subfield><subfield code="b">eng</subfield><subfield code="c">NPV</subfield><subfield code="d">OCLCQ</subfield></datafield><datafield ind1=" " ind2=" " tag="042"><subfield code="a">msc</subfield></datafield><datafield ind1=" " ind2=" " tag="045"><subfield code="a">w5w6</subfield></datafield><datafield ind1=" " ind2=" " tag="052"><subfield code="a">4123</subfield><subfield code="b">C6</subfield></datafield><datafield ind1="0" ind2=" " tag="130"><subfield code="a">Wisconsin mirror (Newport, Wis.)</subfield></datafield><datafield ind1="1" ind2="0" tag="245"><subfield code="a">Wisconsin mirror.</subfield></datafield><datafield ind1=" " ind2=" " tag="260"><subfield code="a">Newport, Columbia County, Wis. :</subfield><subfield code="b">A. Holly,</subfield><subfield code="c">1856-1860.</subfield></datafield><datafield ind1=" " ind2=" " tag="300"><subfield code="a">4 v.</subfield></datafield><datafield ind1=" " ind2=" " tag="310"><subfield code="a">Weekly</subfield></datafield><datafield ind1="0" ind2=" " tag="362"><subfield code="a">Vol. 1, no. 1 (Jan. 1, 1856)-v. 4, no. 51 (Nov. 12, 1860).</subfield></datafield><datafield ind1=" " ind2=" " tag="500"><subfield code="a">Published in: Newport, Wis., Jan. 1-June 10, 1856; in Kilbourn City [i.e. Wisconsin Dells], Wis., June 17, 1856-Nov. 12, 1860.</subfield></datafield><datafield ind1=" " ind2=" " tag="500"><subfield code="a">Editor: A. Holly.</subfield></datafield><datafield ind1=" " ind2=" " tag="530"><subfield code="a">Available on microfilm from The State Historical Society of Wisconsin.</subfield></datafield><datafield ind1=" " ind2=" " tag="752"><subfield code="a">United States</subfield><subfield code="b">Wisconsin</subfield><subfield code="d">Columbia</subfield><subfield code="d">Newport.</subfield></datafield><datafield ind1=" " ind2=" " tag="752"><subfield code="a">United States</subfield><subfield code="b">Wisconsin</subfield><subfield code="d">Columbia</subfield><subfield code="d">Wisconsin Dells.</subfield></datafield><datafield ind1="1" ind2=" " tag="029"><subfield code="a">AU@</subfield><subfield code="b">000025805696</subfield></datafield></record>